% Encoding: UTF-8

@Book{Avelino,
  title         = {Elementos Finitos:},
  subtitle      = {A Base da Tecnologia CAE},
  publisher     = {Érica},
  year          = {2013},
  author        = {ALVES, Avelino},
  address       = {São Paulo},
  edition       = {6},
  note          = {}
}

@Book{Azevedo,
  author         = {AZEVEDO, Álvaro F. M.},
  publisher      = {Faculdade de Engenhearia da Universidade do Porto},
  title          = {Método dos Elementos Finitos},
  year           = {2003},
  edition        = {1}
}

@Book{Bittencourt,
  author         = {BITTENCOURT, Marco Lúcio},
  publisher      = {Editora da Unicamp},
  title          = {Análise computacional de estrutura},
  subtitle       = {com aplicações do Método de Elementos Finitos},
  year           = {2010},
}