% Encoding: UTF-8

@Book{exemplo_livroe,
  title         = {Título de obra},
  publisher     = {Editora},
  year          = {data de publicação},
  author        = {SOBRENOME, Prenome do Autor},
  address       = {Local de publicação},
  edition       = {Número da edição (se houver)},
  note          = {Descrição física},
  subtitle      = {subtítulo (se houver)},
  url           = {http://www.udesc.br/cct},
  urlaccessdate = {10 nov. 2020},
}

@Book{exemplo_livro,
  title     = {Título de obra},
  publisher = {Editora},
  year      = {data de publicação},
  author    = {SOBRENOME, Prenome do Autor},
  address   = {Local de publicação},
  edition   = {Número da edição (se houver)},
  subtitle  = {subtítulo (se houver)},
}

@MastersThesis{exemplo_dissertacao,
  author        = {SOBRENOME, Prenome do Autor},
  title         = {Título de obra},
  school        = {Vinculação acadêmica},
  year          = {data},
  address       = {local de apresentação/defesa},
  note          = {Descrição física},
  subtitle      = {subtítulo (se houver)},
  url           = {http://www.udesc.br/cct},
  urlaccessdate = {10 nov. 2020},
}

@PhdThesis{exemplo_tese,
  author        = {SOBRENOME, Prenome do Autor},
  title         = {Título de obra},
  school        = {Vinculação acadêmica},
  year          = {data},
  address       = {local de apresentação/defesa},
  note          = {Descrição física},
  subtitle      = {subtítulo (se houver)},
  url           = {http://www.udesc.br/cct},
  urlaccessdate = {10 nov. 2020},
}

@Article{exemplo_artigo,
  author        = {SOBRENOME, Prenome do Autor},
  title         = {Título do artigo},
  journal       = {Título do periódico},
  year          = {data ou período de publicação},
  volume        = {numeração do ano e/ou volume},
  number        = {número e/ou edição},
  pages         = {páginas inicial e final},
  address       = {Local de publicação},
  doi           = {DOI},
  subtitle      = {subtítulo (se houver)},
  url           = {http://www.udesc.br/cct},
  urlaccessdate = {10 nov. 2020},
}

@Comment{jabref-meta: databaseType:bibtex;}
