

@book{Avelino,
  title         = {Elementos Finitos:},
  subtitle      = {A Base da Tecnologia CAE},
  publisher     = {Érica},
  year          = {2013},
  author        = {ALVES, Avelino},
  address       = {São Paulo},
  edition       = {6}
}

@book{Azevedo,
  author         = {AZEVEDO, Álvaro F. M.},
  publisher      = {Faculdade de Engenhearia da Universidade do Porto},
  title          = {Método dos Elementos Finitos},
  year           = {2003},
  edition        = {1}
}

@book{Bittencourt,
  author         = {BITTENCOURT, Marco Lúcio},
  publisher      = {Editora da Unicamp},
  title          = {Análise computacional de estrutura},
  subtitle       = {com aplicações do Método de Elementos Finitos},
  year           = {2010},
}

@book{Curcic,
  author         = {CURCIC, Milan},
  publisher      = {Manning Publications Co.},
  title          = {Modern Fortran},
  subtitle       = {Building efficient parallel applications},
  year           = {2020},
  address        = {Shelter Island, NY 11964}
}

@book{Hibbeler,
  author         = {HIBBELER, Russell Charles},
  publisher      = {Pearson Prentice Hall},
  title          = {Resistências dos Materiais},
  year           = {2010},
  address        = {São Paulo}
}

@book{Zin,
  author         = {ZIENKIEWICZ, O.C.},
  publisher      = {Butterworth-Heinemann},
  title          = {the Finite Element Method},
  subtitle       = {Volume 1: The Basis},
  year           = {2000},
  address        = {_}
}
